<?xml version="1.0" encoding="UTF-8"?><collection xmlns="http://www.loc.gov/MARC21/slim"><record><leader>00400nam--2200121-i-4500</leader><controlfield tag="001">000027237</controlfield><controlfield tag="002">20161230</controlfield><controlfield tag="005">20161230201036</controlfield><controlfield tag="008">060222s1000------------r-----000-0-eng-d</controlfield><datafield ind1=" " ind2=" " tag="100"><subfield code="a">Kroger, F.A</subfield></datafield><datafield ind1=" " ind2=" " tag="245"><subfield code="a">The chemistry of imperfect crystals.applications of imperfection chemistry solid state reactions and electrochemistry</subfield></datafield><datafield ind1=" " ind2=" " tag="260"><subfield code="a">Amsterdam, North-holland Publishing Company, 1974-</subfield></datafield><datafield ind1=" " ind2=" " tag="852"><subfield code="a">70142</subfield></datafield></record></collection>